@BOOK{sinz,
  title = {Towards an Optimal CNF Encoding of Boolean Cardinality Constraints},
  author = {Sinz, C.},
  publisher = {Symbolic Computation Group, WSI for Computer Science},
  year = {2005}
}

@BOOK{niklasse,
  title = {Translating Pseudo-Boolean Constraints into SAT},
  author = {Een, N. and Soerensson, N.},
  publisher = {Journal on Satisfiability, Boolean Modeling and Computation 2},
  year = {2006}
}

@misc{knuth,
  title = {The Art of Computer Programming},
  author = {Knuth, D. E.},
  publisher = {Addison-Wesley},
  year = {2015},
  URL = {http://www-cs-faculty.stanford.edu/~uno/fasc6a.ps.gz}
}

@BOOK{bailleux,
  title = {Efficient CNF Encoding of Boolean Cardinality Constraints},
  author = {Bailleux, O. and Boufkhad, Y.},
  publisher = {Principles and Practice of Constraint Programming},
  year = {2003}
}

@BOOK{bdd,
  title = {Technische Informatik - Eine Einführung},
  author = {Becker, B. and Drechsler, R. and Molitor, P.},
  publisher = {Pearson Studium},
  year = {2005}
}

@misc{dpll,
  title = {A machine program for theorem-proving},
  author = {Davis, M.and Logemann, G.and Loveland, D. W.},
  URL = {http://www.ensiie.fr/~blazy/ipr/article2.pdf},
  year = {1962}
}

@misc{tseitin,
  title = {On the Complexity of Derivation in Propositional Calculus},
  author = {Tseitin, G. S.},
  URL = {http://www.decision-procedures.org/handouts/Tseitin70.pdf},
  year = {1983}
}

@misc{sat-problem,
  title = {The complexity of theorem-proving procedures},
  author = {Cook, S. A.},
  URL = {http://www.cs.utoronto.ca/~sacook/homepage/1971.pdf},
  year = {1971}
}

@misc{sorting,
  title = {Sorting networks and their applications},
  author = {Batcher, K. E.},
  URL = {http://www.dps.uibk.ac.at/~cosenza/teaching/gpu/sort-batcher.pdf},
  year = {1968}
}

@misc{odd-even,
  title = {Sorting Network Based Architectures for Median Filters},
  author = {Chakrabarti, C.},
  URL = {http://www.public.asu.edu/~chaitali/jourpapers/med_sort.ps},
  year = {1993}
}

@misc{odd-even,
  title = {Sorting Network Based Architectures for Median Filters},
  author = {Chakrabarti, C.},
  URL = {http://www.public.asu.edu/~chaitali/jourpapers/med_sort.ps}
}

@BOOK{algoDpll,
  title = {Applied Computational Engines},
  author = {Ehlers, R.},
  publisher = {Universität Bremen}
}

@BOOK{satisfiability,
  title = {Handbook of Satisfiabiliy},
  author = {Biere, A. and van Maaren, H. and Walsh, T},
  publisher = {IOS Press},
  year = {2009}
}

@misc{einleitung,
  title = {Successful SAT Encoding Techniques},
  author = {Björk, M.},
  URL = {http://jsat.ewi.tudelft.nl/addendum/Bjork_encoding.pdf},
  year = {2009}
}

@misc{cdcl,
  title = {Efficient Conflict Driven Learning in a Boolean Satisfiability Solver},
  author = {Zhang, L. and Madigan, C. F. and Moskewicz, M. H. and Malik, S.},
  URL = {http://www.mimuw.edu.pl/~tsznuk/tmp/dpll.pdf},
  year = {2001}
}

@BOOK{bubble,
  title = {The Art of Computer Programming: Volume 3 Sorting and Searching},
  author = {Knuth, D. E.},
  publisher = {Addison-Wesley},
  year = {1997}
}


